@misc{RedondoPlantillasRG19,
    author = "{Jose Manuel Redondo}",
    title = {{Documentos-modelo para Trabajos de Fin de Grado/Master de la Escuela de Informática de Oviedo}},
    howpublished = {\url{https://www.researchgate.net/publication/327882831_Plantilla_de_Proyectos_de_Fin_de_Carrera_de_la_Escuela_de_Informatica_de_Oviedo}},
    note = {Online; accessed 13 Jul 2020} ,
    year=2019,
}


@article{RedondoUCO20,
	author = "{Jose Manuel Redondo}",
	title= {{Creación y evaluación de plantillas para trabajos de fin de grado como buena práctica docente}},
	journal =      "Revista de Innovación y Buenas Prácticas Docentes",
	volume="pp",
	number="pp",
	pages ="pp",
	year=2020,
}

@misc{Elena19LNE,
    author = "{J. M. Requena}",
    title = {{El consejero de Universidad pide apostar por la innovación y generar conocimiento}},
    howpublished = {\url{https://www.lne.es/asturias/2019/08/13/consejero-universidad-pide-apostar-innovacion/2514937.html}},
    note = {Online; accessed 13 Jul 2020} ,
    year=2019,

}

@misc{NodeJS,
	author = "{Jesús Lucas}",
	title = {{Qué es NodeJS y para qué sirve}},
	howpublished = {\url{https://openwebinars.net/blog/que-es-nodejs/}},
	note = {Online; accessed 10 Oct 2021},
	year=2019,
}

@misc{JavaScript,
	author = "{MDN contributors}",
	title = {{JavaScript}},
	howpublished = {\url{https://developer.mozilla.org/es/docs/Web/JavaScript}},
	note = {Online; accessed 10 Oct 2021},
	year=2020,
}

@misc{Angular,
	title = {{What is Angular?}},
	howpublished = {\url{https://angular.io/guide/what-is-angular}},
	note = {Online; accessed 10 Oct 2021},
}

@misc{TypeScript,
	title = {{Typed JavaScript at Any Scale.}},
	howpublished = {\url{https://www.typescriptlang.org/}},
	note = {Online; accessed 10 Oct 2021},
}

@misc{AngularSG,
	title = {{Angular Style Guide}},
	howpublished = {\url{https://angular.io/guide/styleguide}},
	note = {Online; accessed 13 Abr 2022},
}

@misc{PhpSG,
	author = "{Ryan Sechrest}",
	title = {{PHP Code Style Guide}},
	howpublished = {\url{https://gist.github.com/ryansechrest/8138375}},
	note = {Online; accessed 13 Abr 2022},
}

@misc{VSCode,
	title= {{Visual Studio Code}},
	howpublished = {\url{https://code.visualstudio.com/docs}},
	note = {Online; accessed 13 Abr 2022},
}

@misc{Xampp,
	title= {{XAMPP}},
	howpublished = {\url{https://www.apachefriends.org/es/index.html}},
	note = {Online; accessed 13 Abr 2022},
}

@misc{Git,
	title= {{Git}},
	howpublished = {\url{https://git-scm.com/}},
	note = {Online; accessed 13 Abr 2022},
}

@misc{Usabilidad,
	author = "{Yusef Hassan Montero}",
	title= {{Guía de Evaluación Heurística de Sitios Web}},
	howpublished = {\url{https://www.nosolousabilidad.com/articulos/heuristica.htm}},
	note = {Online; accessed 02 Jun 2022},
	year=2003,
}